<?xml version="1.0" encoding="UTF-8"?><collection xmlns="http://www.loc.gov/MARC21/slim"><record><leader>00506nam--2200157-i-4500</leader><controlfield tag="001">000011929</controlfield><controlfield tag="002">20161230</controlfield><controlfield tag="005">20170115215239</controlfield><controlfield tag="008">060222s1000------------r-----000-0-eng-d</controlfield><datafield ind1=" " ind2=" " tag="080"><subfield code="a">621.384.633(O43)</subfield></datafield><datafield ind1=" " ind2=" " tag="100"><subfield code="a">Chan-tung, Chan Sien Nam</subfield></datafield><datafield ind1=" " ind2=" " tag="245"><subfield code="a">Contribution a l etude de l extraction axiale des ions lourds d une source externe au cyclotron</subfield><subfield code="b">these</subfield></datafield><datafield ind1=" " ind2=" " tag="260"><subfield code="a">Grenoble</subfield><subfield code="b">L Universite Scientifique Et Medicale De Grenoble</subfield><subfield code="c">1975</subfield></datafield><datafield ind1=" " ind2=" " tag="300"><subfield code="a">145 p</subfield></datafield><datafield ind1=" " ind2=" " tag="852"><subfield code="a">44183</subfield></datafield><datafield ind1=" " ind2=" " tag="CAT"><subfield code="a">SYS</subfield><subfield code="c">20170115</subfield><subfield code="h">215239</subfield></datafield></record></collection>